[
  {
    "controlfield": [
      {
        "tag": "001",
        "value": "RU\\NLR\\A1\\891"
      },
      {
        "tag": "005",
        "value": "20191111155736.0"
      }
    ],
    "datafield": [
      {
        "ind1": "#",
        "ind2": "#",
        "subfield": [
          {
            "code": "a",
            "value": "19960723d1793    m  y0rusy50      ca"
          }
        ],
        "tag": "100"
      },
      {
        "ind1": "1",
        "ind2": "#",
        "subfield": [
          {
            "code": "a",
            "value": "rus"
          },
          {
            "code": "c",
            "value": "ger"
          }
        ],
        "tag": "101"
      },
      {
        "ind1": "#",
        "ind2": "#",
        "subfield": [
          {
            "code": "a",
            "value": "y   z   000ay"
          }
        ],
        "tag": "105"
      },
      {
        "ind1": "#",
        "ind2": "#",
        "subfield": [
          {
            "code": "a",
            "value": "crcn 024anaba"
          }
        ],
        "tag": "135"
      },
      {
        "ind1": "#",
        "ind2": "#",
        "subfield": [
          {
            "code": "a",
            "value": "y   y            eayaa0000"
          }
        ],
        "tag": "140"
      },
      {
        "ind1": "0",
        "ind2": "#",
        "subfield": [
          {
            "code": "a",
            "value": "Ч.1"
          }
        ],
        "tag": "200"
      },
      {
        "ind1": "#",
        "ind2": "#",
        "subfield": [
          {
            "code": "a",
            "value": "[2], 102 с."
          }
        ],
        "tag": "215"
      },
      {
        "ind1": "#",
        "ind2": "#",
        "subfield": [
          {
            "code": "a",
            "value": "Экз. РНБ (138/973-1): ч.1-2 в одном пер. В составном картон. цельнокожан. коричневом марморир. пер. Корешок с 5-ю бинтами, с блинтовым тиснением. На корешке кожан. наклейка цвета бордо с вытесн. загл.: \"Жизнь княжны Изабеллы\", коричневой кожан. наклейкой с цифрами: 1 2 и частично утрач. бумаж. наклейка с нечит. текстом. Обрез тонир. красный. На нижней крышке пер. экслибрис Рус. фонда ГПБ с шифром. На форзаце наклейка с шифром РНБ. На авантит. и тит. л. многочисл. карандаш. пометы. На тит. л. и с.33 круглый штамп ГПБ. Размер: 20,2х12,6х2,5 см"
          },
          {
            "code": "5",
            "value": "NLR: 138/973-1"
          }
        ],
        "tag": "316"
      },
      {
        "ind1": "#",
        "ind2": "#",
        "subfield": [
          {
            "code": "a",
            "value": "Копия доступна в Электрон. б-ке РНБ"
          }
        ],
        "tag": "325"
      },
      {
        "ind1": "#",
        "ind2": "1",
        "subfield": [
          {
            "code": "1",
            "value": "001RU\\NLR\\A1\\890"
          },
          {
            "code": "1",
            "value": "2000 "
          },
          {
            "code": "a",
            "value": "Жизнь княжны Изабеллы, королевы Андрапурской."
          },
          {
            "code": "e",
            "value": "Перевод с немецкаго"
          },
          {
            "code": "v",
            "value": "Ч.1"
          }
        ],
        "tag": "461"
      },
      {
        "ind1": "#",
        "ind2": "0",
        "subfield": [
          {
            "code": "a",
            "value": "rus"
          },
          {
            "code": "b",
            "value": "rnb"
          },
          {
            "code": "c",
            "value": "19960723"
          }
        ],
        "tag": "801"
      },
      {
        "ind1": "#",
        "ind2": "1",
        "subfield": [
          {
            "code": "a",
            "value": "RU"
          },
          {
            "code": "b",
            "value": "NLR"
          },
          {
            "code": "c",
            "value": "19960723"
          }
        ],
        "tag": "801"
      },
      {
        "ind1": "#",
        "ind2": "2",
        "subfield": [
          {
            "code": "a",
            "value": "RU"
          },
          {
            "code": "b",
            "value": "NLR"
          },
          {
            "code": "c",
            "value": "20191125"
          },
          {
            "code": "2",
            "value": "rusmarc"
          }
        ],
        "tag": "801"
      },
      {
        "ind1": "#",
        "ind2": "0",
        "subfield": [
          {
            "code": "u",
            "value": "http://vivaldi.nlr.ru/bx700000265/view"
          }
        ],
        "tag": "856"
      },
      {
        "ind1": "#",
        "ind2": "1",
        "subfield": [
          {
            "code": "u",
            "value": "http://vivaldi.nlr.ru/bx700000265/cover"
          }
        ],
        "tag": "856"
      },
      {
        "ind1": "#",
        "ind2": "2",
        "subfield": [
          {
            "code": "u",
            "value": "http://vivaldi.nlr.ru/bx700000265/text"
          }
        ],
        "tag": "856"
      },
      {
        "ind1": "#",
        "ind2": "#",
        "subfield": [
          {
            "code": "a",
            "value": "NLR"
          },
          {
            "code": "j",
            "value": "18.264.3.9"
          }
        ],
        "tag": "899"
      },
      {
        "ind1": "#",
        "ind2": "#",
        "subfield": [
          {
            "code": "a",
            "value": "NLR"
          },
          {
            "code": "j",
            "value": "138/973-1"
          }
        ],
        "tag": "899"
      }
    ],
    "leader": "00000nam2 22002651i 450 "
  }
]